@article{fermi,
    title={The ionization loss of energy in gases and in condensed materials},
    author={Fermi, Enrico},
    journal={Physical Review},
    volume={57},
    number={6},
    pages={485},
    year={1940},
    publisher={APS},
}

@online{Jens,
    author = {Andreasson, Jens},
    title = {Webbserverprogrammering med Node och Express},
    url = {https://jens-andreasson.gitbook.io/webbserverprogrammering/webbserver/node-introduktion},
    urldate = {2021-09-03},
}

@book{Fraenkel,
    author={Fraenkel, Lars and Gottfridsson, Daniel and Jonasson, Ulf},
    title={Impuls Fysik. 1},
    publisher={Gleerups},
    address={Malm{\"o}},
    year={2011},
    edition={1. uppl., 2. tr.},
    ISBN={9140674150},
    keywords={Fysik},
}
@booklet{2011vee,
    title={Vindkraft : en energik{\"a}lla med en fantastisk framtid},
    publisher={Svensk vindenergi},
    address={Stockholm},
    year={2011},
    keywords={Vindkraft},
}